@article{maler2008venn,
  author    = {Eve Maler and
               Drummond Reed},
  title     = {The Venn of Identity: Options and Issues in Federated Identity Management},
  journal   = {{IEEE} Security {\&} Privacy},
  volume    = {6},
  number    = {2},
  pages     = {16--23},
  year      = {2008},
  url       = {https://doi.org/10.1109/MSP.2008.50},
  doi       = {10.1109/MSP.2008.50},
  timestamp = {Sat, 27 May 2017 14:24:40 +0200},
  biburl    = {https://dblp.org/rec/bib/journals/ieeesp/MalerR08},
  bibsource = {dblp computer science bibliography, https://dblp.org}
}

@inproceedings{BrowserID,
  author    = {Daniel Fett and
               Ralf K{\"{u}}sters and
               Guido Schmitz},
  title     = {Analyzing the {BrowserID} {SSO} System with Primary Identity Providers
               Using an Expressive Model of the Web},
  booktitle = {Proceedings of the 20th European Symposium on Research
               in Computer Security (ESORICS)},
  pages     = {43--65},
  year      = {2015},
}

@inproceedings{ChenPCTKT14,
  author    = {Eric Y. Chen and
               Yutong Pei and
               Shuo Chen and
               Yuan Tian and
               Robert Kotcher and
               Patrick Tague},
  title     = {{OAuth} Demystified for Mobile Application Developers},
  booktitle = {Proceedings of the 2014 {ACM} {SIGSAC} Conference on Computer and
               Communications Security (CCS), Scottsdale, AZ, USA},
  pages     = {892--903},
  year      = {2014},
  url       = {https://doi.org/10.1145/2660267.2660323},
  doi       = {10.1145/2660267.2660323},
  timestamp = {Wed, 14 Nov 2018 10:54:58 +0100},
  biburl    = {https://dblp.org/rec/bib/conf/ccs/ChenPCTKT14},
  bibsource = {dblp computer science bibliography, https://dblp.org}
}


@inproceedings{FettKS16,
  author    = {Daniel Fett and
               Ralf K{\"{u}}sters and
               Guido Schmitz},
  title     = {A Comprehensive Formal Security Analysis of {OAuth} 2.0},
  booktitle = {Proceedings of the 2016 {ACM} {SIGSAC} Conference on Computer and
               Communications Security (CCS), Vienna, Austria},
  pages     = {1204--1215},
  year      = {2016},
  url       = {https://doi.org/10.1145/2976749.2978385},
  doi       = {10.1145/2976749.2978385},
  timestamp = {Tue, 06 Nov 2018 11:07:29 +0100},
  biburl    = {https://dblp.org/rec/bib/conf/ccs/FettKS16},
  bibsource = {dblp computer science bibliography, https://dblp.org}
}


@inproceedings{HanCSTW18,
  author    = {Jinguang Han and
               Liqun Chen and
               Steve Schneider and
               Helen Treharne and
               Stephan Wesemeyer},
  title     = {Anonymous Single-Sign-On for n Designated Services with Traceability},
  booktitle = {Proceedings of the 23rd European Symposium on Research in Computer
               Security (ESORICS), Barcelona, Spain},
  pages     = {470--490},
  year      = {2018},
  url       = {https://doi.org/10.1007/978-3-319-99073-6\_23},
  doi       = {10.1007/978-3-319-99073-6\_23},
  timestamp = {Mon, 13 Aug 2018 14:33:29 +0200},
  biburl    = {https://dblp.org/rec/bib/conf/esorics/HanCSTW18},
  bibsource = {dblp computer science bibliography, https://dblp.org}
}


@inproceedings{SPRESSO,
  author    = {Daniel Fett and
               Ralf K{\"{u}}sters and
               Guido Schmitz},
  title     = {{SPRESSO:} {A} Secure, Privacy-Respecting Single Sign-On System for
               the Web},
  booktitle = {Proceedings of the 22nd {ACM} {SIGSAC} Conference on Computer and
               Communications Security (CCS), Denver, CO, USA},
  pages     = {1358--1369},
  year      = {2015},
  url       = {https://doi.org/10.1145/2810103.2813726},
  doi       = {10.1145/2810103.2813726},
  timestamp = {Tue, 06 Nov 2018 11:07:28 +0100},
  biburl    = {https://dblp.org/rec/bib/conf/ccs/FettKS15},
  bibsource = {dblp computer science bibliography, https://dblp.org}
}


@inproceedings{WangCW12,
  author    = {Rui Wang and
               Shuo Chen and
               XiaoFeng Wang},
  title     = {Signing Me onto Your Accounts through {Facebook} and {Google}: {A} Traffic-Guided
               Security Study of Commercially Deployed Single-Sign-On Web Services},
  booktitle = {Proceedings of the 33rd {IEEE} Symposium on Security and Privacy (S{\&}P),
               San Francisco, California, {USA}},
  pages     = {365--379},
  year      = {2012},
  url       = {https://doi.org/10.1109/SP.2012.30},
  doi       = {10.1109/SP.2012.30},
  timestamp = {Thu, 09 Aug 2018 10:56:09 +0200},
  biburl    = {https://dblp.org/rec/bib/conf/sp/WangCW12},
  bibsource = {dblp computer science bibliography, https://dblp.org}
}


@inproceedings{ZhouE14,
  author    = {Yuchen Zhou and
               David Evans},
  title     = {{SSOScan}: {Automated} Testing of Web Applications for Single Sign-On Vulnerabilities},
  booktitle = {Proceedings of the 23rd {USENIX} Security Symposium, San Diego, CA,
               USA},
  pages     = {495--510},
  year      = {2014},
  url       = {https://www.usenix.org/conference/usenixsecurity14/technical-sessions/presentation/zhou},
  timestamp = {Tue, 13 Mar 2018 15:08:56 +0100},
  biburl    = {https://dblp.org/rec/bib/conf/uss/ZhouE14},
  bibsource = {dblp computer science bibliography, https://dblp.org}
}

@inproceedings{WangZLG16,
  author    = {Hui Wang and
               Yuanyuan Zhang and
               Juanru Li and
               Dawu Gu},
  title     = {The Achilles heel of {OAuth}: {A} multi-platform study of {OAuth-based} authentication},
  booktitle = {Proceedings of the 32nd Annual Conference on Computer Security Applications {(ACSAC)}, Los Angeles, CA, USA},
  pages     = {167--176},
  year      = {2016},
  url       = {http://dl.acm.org/citation.cfm?id=2991105},
  timestamp = {Tue, 06 Nov 2018 16:59:24 +0100},
  biburl    = {https://dblp.org/rec/bib/conf/acsac/WangZLG16},
  bibsource = {dblp computer science bibliography, https://dblp.org}
}


@inproceedings{HanMSY10,
  author    = {Jinguang Han and
               Yi Mu and
               Willy Susilo and
               Jun Yan},
  title     = {A Generic Construction of Dynamic Single Sign-on with Strong Security},
  booktitle = {Proceedings of the 6th Iternational {ICST} Conference Security and Privacy in Communication Networks (SecureComm), Singapore.},
  pages     = {181--198},
  year      = {2010},
  url       = {https://doi.org/10.1007/978-3-642-16161-2\_11},
  doi       = {10.1007/978-3-642-16161-2\_11},
  timestamp = {Wed, 07 Nov 2018 08:31:32 +0100},
  biburl    = {https://dblp.org/rec/bib/conf/securecomm/HanMSY10},
  bibsource = {dblp computer science bibliography, https://dblp.org}
}

@article{OpenIDConnect,
  title={{OpenID} {Connect} Core 1.0 incorporating errata set 1},
  author={Sakimura, Nat and Bradley, John and Jones, Mike and de Medeiros, Breno and Mortimore, Chuck},
  journal={The OpenID Foundation, specification},
  year={2014}
}

@article{rfc6749,
  author    = {Dick Hardt},
  title     = {The {OAuth} 2.0 {Authorization} {Framework}},
  journal   = {{RFC}},
  volume    = {6749},
  pages     = {1--76},
  year      = {2012},
  url       = {https://doi.org/10.17487/RFC6749},
  doi       = {10.17487/RFC6749},
  timestamp = {Wed, 14 Nov 2018 10:20:00 +0100},
  biburl    = {https://dblp.org/rec/bib/journals/rfc/rfc6749},
  bibsource = {dblp computer science bibliography, https://dblp.org}
}

@article{rfc6819,
  author    = {Torsten Lodderstedt and
               Mark Mcgloin and
               Phil Hunt},
  title     = {OAuth 2.0 Threat Model and Security Considerations},
  journal   = {{RFC}},
  volume    = {6819},
  pages     = {1--71},
  year      = {2013},
  url       = {https://doi.org/10.17487/RFC6819},
  doi       = {10.17487/RFC6819},
  timestamp = {Wed, 14 Nov 2018 10:20:19 +0100},
  biburl    = {https://dblp.org/rec/bib/journals/rfc/rfc6819},
  bibsource = {dblp computer science bibliography, https://dblp.org}
}



@Misc{Facebook,
howpublished = {\url{https://developers.facebook.com/docs/facebook-login/manually-build-a-login-flow/}},
title = {Manually build a login flow},
note = {Accessed August 20, 2019}
}

@article{rfc7519,
  author    = {Michael B. Jones and
               John Bradley and
               Nat Sakimura},
  title     = {{JSON} Web Token {(JWT)}},
  journal   = {{RFC}},
  volume    = {7519},
  pages     = {1--30},
  year      = {2015},
  url       = {https://doi.org/10.17487/RFC7519},
  doi       = {10.17487/RFC7519},
  timestamp = {Wed, 14 Nov 2018 10:20:24 +0100},
  biburl    = {https://dblp.org/rec/bib/journals/rfc/rfc7519},
  bibsource = {dblp computer science bibliography, https://dblp.org}
}

@Misc{Google,
howpublished = {\url{https://developers.google.com/identity/}},
title = {Google Identity Platform},
note = {Accessed August 20, 2019}
}

@article{DynamicRegistration,
  title={{OpenID} {Connect} Dynamic Client Registration 1.0 incorporating errata set 1},
  author={Sakimura, Nat and Bradley, John and Jones, Mike and de Medeiros, Breno and Mortimore, Chuck},
  journal={The OpenID Foundation, specification},
  year={2014}
}


@article{DiffieH76,
  author    = {Whitfield Diffie and
               Martin E. Hellman},
  title     = {New directions in cryptography},
  journal   = {{IEEE} Trans. Information Theory},
  volume    = {22},
  number    = {6},
  pages     = {644--654},
  year      = {1976},
  url       = {https://doi.org/10.1109/TIT.1976.1055638},
  doi       = {10.1109/TIT.1976.1055638},
  timestamp = {Wed, 14 Nov 2018 10:27:05 +0100},
  biburl    = {https://dblp.org/rec/bib/journals/tit/DiffieH76},
  bibsource = {dblp computer science bibliography, https://dblp.org}
}

@article{rfc3526,
  author    = {Tero Kivinen and
               Mika Kojo},
  title     = {More Modular Exponential {(MODP)} Diffie-Hellman groups for Internet
               Key Exchange {(IKE)}},
  journal   = {{RFC}},
  volume    = {3526},
  pages     = {1--10},
  year      = {2003},
  url       = {https://doi.org/10.17487/RFC3526},
  doi       = {10.17487/RFC3526},
  timestamp = {Wed, 14 Nov 2018 10:20:40 +0100},
  biburl    = {https://dblp.org/rec/bib/journals/rfc/rfc3526},
  bibsource = {dblp computer science bibliography, https://dblp.org}
}

@article{shiu2007cryptography:,
    title={Cryptography: Theory and practice (3rd edn), by Douglas R. Stinson. Pp. 593. 2006. (hbk) £39.99. ISBN 1 58488 508 4 (Chapman and Hall / CRC).},
    author={Shiu, Peter},
    journal={The Mathematical Gazette},
    volume={91},
    number={520},
    pages={189},
    year={2007}
}


@inproceedings{FettKS14,
  author    = {Daniel Fett and
               Ralf K{\"{u}}sters and
               Guido Schmitz},
  title     = {An Expressive Model for the Web Infrastructure: {Definition} and Application
               to the {BrowserID} {SSO} System},
  booktitle = {Proceedings of the 35th {IEEE} Symposium on Security and Privacy (S{\&}P), Berkeley, CA, USA},
  pages     = {673--688},
  year      = {2014},
  url       = {https://doi.org/10.1109/SP.2014.49},
  doi       = {10.1109/SP.2014.49},
  timestamp = {Fri, 26 May 2017 00:50:07 +0200},
}


@article{NIST,
  author    = {Garcia Michael E Fenton James L Grassi, Paul A},
  title     = {Digital Identity Guidelines},
  journal   = {{NIST 800-63-3}},
  year      = {2017},
  url       = {https://www.nist.gov/publications/digital-identity-guidelines}
}

%security
@inproceedings{YangLLZH16,
  author    = {Ronghai Yang and
               Guanchen Li and
               Wing Cheong Lau and
               Kehuan Zhang and
               Pili Hu},
  title     = {Model-based Security Testing: {An} Empirical Study on {OAuth} 2.0 Implementations},
  booktitle = {Proceedings of the 11th {ACM} on Asia Conference on Computer and Communications
               Security (AsiaCCS), Xi'an, China},
  pages     = {651--662},
  year      = {2016},
  url       = {https://doi.org/10.1145/2897845.2897874},
  doi       = {10.1145/2897845.2897874},
  timestamp = {Tue, 06 Nov 2018 11:07:30 +0100},
  biburl    = {https://dblp.org/rec/bib/conf/ccs/YangLLZH16},
  bibsource = {dblp computer science bibliography, https://dblp.org}
}

%mobile
@inproceedings{WangZLLYLG15,
  author    = {Hui Wang and
               Yuanyuan Zhang and
               Juanru Li and
               Hui Liu and
               Wenbo Yang and
               Bodong Li and
               Dawu Gu},
  title     = {Vulnerability Assessment of {OAuth} Implementations in {Android} Applications},
  booktitle = {Proceedings of the 31st Annual Computer Security Applications Conference (ACSAC),
               Los Angeles, CA, USA},
  pages     = {61--70},
  year      = {2015},
  url       = {https://doi.org/10.1145/2818000.2818024},
  doi       = {10.1145/2818000.2818024},
  timestamp = {Tue, 06 Nov 2018 16:59:24 +0100},
  biburl    = {https://dblp.org/rec/bib/conf/acsac/WangZLLYLG15},
  bibsource = {dblp computer science bibliography, https://dblp.org}
}

%security
@inproceedings{SomorovskyMSKJ12,
  author    = {Juraj Somorovsky and
               Andreas Mayer and
               J{\"{o}}rg Schwenk and
               Marco Kampmann and
               Meiko Jensen},
  title     = {On Breaking {SAML:} {Be} Whoever You Want to Be},
  booktitle = {Proceedings of the 21th {USENIX} Security Symposium, Bellevue, WA,
               USA},
  pages     = {397--412},
  year      = {2012},
  url       = {https://www.usenix.org/conference/usenixsecurity12/technical-sessions/presentation/somorovsky},
  timestamp = {Wed, 04 Jul 2018 13:06:34 +0200},
  biburl    = {https://dblp.org/rec/bib/conf/uss/SomorovskyMSKJ12},
  bibsource = {dblp computer science bibliography, https://dblp.org}
}

@Misc{persona,
howpublished = {\url{https://developer.mozilla.org/en-US/docs/Archive/Mozilla/Persona}},
title = {{Persona}},
author = {Mozilla Developer Network (MDN)}
}


@article{SAML,
  title={Profiles for the {OASIS} {Security} {Assertion} {Markup} {Language} ({SAML}) v2.0},
  author={Hughes, John and Cantor, Scott and Hodges, Jeff and Hirsch, Frederick and Mishra, Prateek and Philpott, Rob and Maler, Eve},
  journal={OASIS standard},
  year={2005},
  note = {Accessed August 20, 2019}
}

@article{SAMLIdentifier,
  title={{SAML} V2.0 Subject Identifier Attributes Profile Version 1.0},
  author={Thomas Hardjono and Scott Cantor},
  journal={OASIS standard},
  year={2019}
}

@inproceedings{anti_phishing,
  title={An Anti-Phishing mechanism for single sign-on based on {QR}-code},
  author={Mukhopadhyay, Syamantak and Argles, David},
  booktitle={International Conference on Information Society (i-{Society} 2011)},
  pages={505--508},
  organization={IEEE}
}

@inproceedings{devil_phishing,
  title={The devil is phishing: {Rethinking} web single sign-on systems security},
  author={Yue, Chuan},
  booktitle={Presented as part of the 6th $\{$USENIX$\}$ Workshop on Large-Scale Exploits and Emergent Threats},
  year={2013}
}

@inproceedings{mechanism_phishing,
  author    = {Jae{-}Hwe You and
               Moon{-}Seog Jun},
  title     = {A Mechanism to Prevent {RP} Phishing in OpenID System},
  booktitle = {9th {IEEE/ACIS} International Conference on Computer and Information
               Science, {IEEE/ACIS} {ICIS}, Yamagata, Japan},
  pages     = {876--880},
  year      = {2010},
  url       = {https://doi.org/10.1109/ICIS.2010.63},
  doi       = {10.1109/ICIS.2010.63},
  timestamp = {Thu, 25 May 2017 00:43:48 +0200},
  biburl    = {https://dblp.org/rec/bib/conf/ACISicis/YouJ10},
  bibsource = {dblp computer science bibliography, https://dblp.org}
}

@article{NIST2017draft,
  title={{NIST} Special Publication 800-63C Digital Identity Guidelines: Federation and Assertions},
  author={Grassi, Paul A and Garcia, M and Fenton, J},
  journal={National Institute of Standards and Technology, Los Altos, CA},
  year={2017}
}


@inproceedings{FettKS17,
  author    = {Daniel Fett and
               Ralf K{\"{u}}sters and
               Guido Schmitz},
  title     = {The Web {SSO} Standard {OpenID} {Connect}: {In-depth} Formal Security Analysis
               and Security Guidelines},
  booktitle = {Proceedings of the 30th {IEEE} Computer Security Foundations Symposium {(CSF)}, Santa
               Barbara, CA, USA},
  pages     = {189--202},
  year      = {2017},
  url       = {https://doi.org/10.1109/CSF.2017.20},
  doi       = {10.1109/CSF.2017.20},
  timestamp = {Mon, 16 Oct 2017 15:00:33 +0200}
}

@article{rfc6750,
  author    = {Michael B. Jones and
               Dick Hardt},
  title     = {The OAuth 2.0 Authorization Framework: {Bearer} Token Usage},
  journal   = {{RFC}},
  volume    = {6750},
  pages     = {1--18},
  year      = {2012},
  url       = {https://doi.org/10.17487/RFC6750},
  doi       = {10.17487/RFC6750},
  timestamp = {Tue, 14 May 2019 10:04:42 +0200}
}

@Misc{facebooknews,
howpublished = {\url{https://www.theguardian.com/news/2018/mar/17/cambridge-analytica-facebook-influence-us-election}},
note = {Accessed July 20, 2019},
title = {Revealed: 50 million Facebook profiles harvested for Cambridge Analytica in major data breach},
author = {Carole Cadwalladr and Emma Graham-Harrison}
}

@Misc{googlenews,
howpublished = {\url{https://www.eff.org/deeplinks/2019/02/google- screenwise- unwise- trade/-all-your- privacy- cash}},
note = {Accessed July 20, 2019},
title = {Google Screenwise: {An} Unwise Trade of All Your Privacy for Cash},
author = {Sydney Li and Jason Kelley}
}

@Misc{Onavo,
howpublished = {\url{https://www.eff.org/deeplinks/2019/01/what-we-should-learn-facebook-research}},
note = {Accessed July 20, 2019},
title = {What We Should Learn From ``Facebook Research''},
author = {Bennett Cyphers AND Jason Kelley}
}

@Misc{Alexa,
howpublished = {\url{https://www.alexa.com/topsites}},
note = {Accessed July 30, 2019},
title = {The top 500 sites on the web},
}

@inproceedings{DNS,
  author    = {Hannes Federrath and
               Karl{-}Peter Fuchs and
               Dominik Herrmann and
               Christopher Piosecny},
  title     = {Privacy-Preserving {DNS:} {Analysis} of Broadcast, Range Queries and
               Mix-Based Protection Methods},
  booktitle = {Proceedings of the 16th European Symposium on Research
               in Computer Security {(ESORICS)}},
  pages     = {665--683},
  year      = {2011},
}




@misc{gilbert2013formal,
  title={Formal Analysis of BrowserID/Mozilla Persona},
  author={Gilbert, Connor and Upatising, Laza},
  year={2013}
}

@article{Shoup,
  title={Searching for primitive roots in finite fields},
  author={Shoup, Victor},
  journal={Mathematics of Computation},
  volume={58},
  number={197},
  pages={369--380},
  year={1992}
}

@inproceedings{WXWM,
  author    = {Taher El Gamal},
  title     = {A Public Key Cryptosystem and a Signature Scheme Based on Discrete
               Logarithms},
  booktitle = {Proceedings of 4th International Cryptology Conference (CRYPTO), Santa Barbara,
               California, USA},
  pages     = {10--18},
  year      = {1984},
  url       = {https://doi.org/10.1007/3-540-39568-7\_2},
  doi       = {10.1007/3-540-39568-7\_2},
  timestamp = {Tue, 14 May 2019 10:00:48 +0200},
  biburl    = {https://dblp.org/rec/conf/crypto/Gamal84.bib},
  bibsource = {dblp computer science bibliography, https://dblp.org}
}


@incollection{Wang,
  title={On the least primitive root of a prime},
  author={Wang Yuan},
  booktitle={Selected Papers Of Wang Yuan},
  pages={109--122},
  year={2005},
  publisher={World Scientific}
}


@article{barkerecommendation,
  title={Recommendation for key management part 1: General (revision 4)},
  author={Barker, Elaine},
  journal={NIST special publication},
  volume={800},
  number={57},
  pages={1--160},
  year={2016}
}

@Misc{MITREid,
howpublished = {\url{https://github.com/mitreid-connect/OpenID-Connect-Java-Spring-Server}},
title = {{MITRE}id Connect
/OpenID-Connect-Java-Spring-Server},
note = {Accessed August 20, 2019}
}

@Misc{spressome,
howpublished = {\url{https://spresso.me/}},
title = {{SPRESSO}},
note = {Accessed August 20, 2019}
}

@Misc{jsrsasign,
howpublished = {\url{https://kjur.github.io/jsrsasign/}},
title = {jsrsasign},
note = {Accessed August 20, 2019}
}



@Misc{OIDF,
howpublished = {\url{https://openid.net/certification/}},
title = {OpenID Foundation},
note = {Accessed August 20, 2019}
}

@inproceedings{Kerberos,
  author    = {Jennifer G. Steiner and
               B. Clifford Neuman and
               Jeffrey I. Schiller},
  title     = {Kerberos: {An} Authentication Service for Open Network Systems},
  booktitle = {Proceedings of the {USENIX} Winter Conference. Dallas, Texas, USA},
  pages     = {191--202},
  year      = {1988},
  timestamp = {Thu, 15 May 2014 18:36:23 +0200}
}

@article{aubry2004esup,
  title={{ESUP}-Portail: {Open} source single sign-on with {CAS} (central authentication service)},
  author={Aubry, Pascal and Mathieu, Vincent and Marchal, Julien},
  journal={Proceedings of EUNIS04--IT Innovation in a Changing World},
  pages={172--178},
  year={2004}
}


%security ok
@inproceedings{GhasemisharifRC18,
  author    = {Mohammad Ghasemisharif and
               Amrutha Ramesh and
               Stephen Checkoway and
               Chris Kanich and
               Jason Polakis},
  title     = {O Single Sign-Off, Where Art Thou? {An} Empirical Analysis of Single
               Sign-On Account Hijacking and Session Management on the Web},
  booktitle = {Proceedings of the 27th {USENIX} Security Symposium, {USENIX} Security, Baltimore,
               MD, USA},
  pages     = {1475--1492},
  year      = {2018},
  url       = {https://www.usenix.org/conference/usenixsecurity18/presentation/ghasemisharif},
  timestamp = {Mon, 20 Aug 2018 15:16:57 +0200}
}

%security ok
@inproceedings{MainkaMS16,
  author    = {Christian Mainka and
               Vladislav Mladenov and
               J{\"{o}}rg Schwenk},
  title     = {Do Not Trust Me: {Using} Malicious {IdPs} for Analyzing and Attacking
               Single Sign-on},
  booktitle = {Proceedings of the 1st {IEEE} European Symposium on Security and Privacy (EuroS{\&}P), Saarbr{\"{u}}cken, Germany},
  pages     = {321--336},
  year      = {2016},
  url       = {https://doi.org/10.1109/EuroSP.2016.33},
  doi       = {10.1109/EuroSP.2016.33},
  timestamp = {Wed, 24 May 2017 08:27:42 +0200}
}

%security ok
@inproceedings{MainkaMSW17,
  author    = {Christian Mainka and
               Vladislav Mladenov and
               J{\"{o}}rg Schwenk and
               Tobias Wich},
  title     = {SoK: Single Sign-On Security - An Evaluation of {OpenID} {Connect}},
  booktitle = {Proceedings of the 2nd {IEEE} European Symposium on Security and Privacy (EuroS{\&}P), Paris, France},
  pages     = {251--266},
  year      = {2017},
  url       = {https://doi.org/10.1109/EuroSP.2017.32},
  doi       = {10.1109/EuroSP.2017.32},
  timestamp = {Wed, 12 Jul 2017 09:59:02 +0200}
}

%security ok
@inproceedings{YangLCZ18,
  author    = {Ronghai Yang and
               Wing Cheong Lau and
               Jiongyi Chen and
               Kehuan Zhang},
  title     = {Vetting Single Sign-On {SDK} Implementations via Symbolic Reasoning},
  booktitle = {Proceedings of the 27th {USENIX} Security Symposium, {USENIX} Security, Baltimore,
               MD, USA},
  pages     = {1459--1474},
  year      = {2018},
  url       = {https://www.usenix.org/conference/usenixsecurity18/presentation/yang},
  timestamp = {Mon, 20 Aug 2018 15:16:57 +0200}
}

%security ok
@inproceedings{CaoSBKVC14,
  author    = {Yinzhi Cao and
               Yan Shoshitaishvili and
               Kevin Borgolte and
               Christopher Kr{\"{u}}gel and
               Giovanni Vigna and
               Yan Chen},
  title     = {Protecting Web-Based Single Sign-on Protocols against Relying Party
               Impersonation Attacks through a Dedicated Bi-directional Authenticated
               Secure Channel},
  booktitle = {Proceedings of the 17th International
               Symposium on Research in Attacks, Intrusions and Defenses (RAID), Gothenburg, Sweden.},
  pages     = {276--298},
  year      = {2014},
  url       = {https://doi.org/10.1007/978-3-319-11379-1\_14},
  doi       = {10.1007/978-3-319-11379-1\_14},
  timestamp = {Tue, 14 May 2019 10:00:53 +0200}
}

@article{ArmandoCCCPS13,
  author    = {Alessandro Armando and
               Roberto Carbone and
               Luca Compagna and
               Jorge Cu{\'{e}}llar and
               Giancarlo Pellegrino and
               Alessandro Sorniotti},
  title     = {An authentication flaw in browser-based Single Sign-On protocols:
               Impact and remediations},
  journal   = {Computers {\&} Security},
  volume    = {33},
  pages     = {41--58},
  year      = {2013},
  url       = {https://doi.org/10.1016/j.cose.2012.08.007},
  doi       = {10.1016/j.cose.2012.08.007},
  timestamp = {Mon, 05 Jun 2017 20:47:05 +0200}
}

@inproceedings{ShiWL19,
  author    = {Shangcheng Shi and
               Xianbo Wang and
               Wing Cheong Lau},
  title     = {{MoSSOT}: {An} Automated Blackbox Tester for Single Sign-On Vulnerabilities
               in Mobile Applications},
  booktitle = {Proceedings of the 14th {ACM} Asia Conference on Computer and Communications
               Security (AsiaCCS), Auckland, New Zealand},
  pages     = {269--282},
  year      = {2019},
  url       = {https://doi.org/10.1145/3321705.3329801},
  doi       = {10.1145/3321705.3329801},
  timestamp = {Fri, 12 Jul 2019 08:33:26 +0200}
}

@inproceedings{YangLS17,
  author    = {Ronghai Yang and
               Wing Cheong Lau and
               Shangcheng Shi},
  title     = {Breaking and Fixing Mobile App Authentication with {OAuth2.0-based}
               Protocols},
  booktitle = {Proceedings of the 15th International Conference on Applied Cryptography and Network Security (ACNS), Kanazawa, Japan},
  pages     = {313--335},
  year      = {2017},
  url       = {https://doi.org/10.1007/978-3-319-61204-1\_16},
  doi       = {10.1007/978-3-319-61204-1\_16},
  timestamp = {Tue, 14 May 2019 10:00:54 +0200},
  biburl    = {https://dblp.org/rec/bib/conf/acns/YangLS17},
  bibsource = {dblp computer science bibliography, https://dblp.org}
}


@inproceedings{YeBWD15,
  author    = {Quanqi Ye and
               Guangdong Bai and
               Kailong Wang and
               Jin Song Dong},
  title     = {Formal Analysis of a Single Sign-On Protocol Implementation for {Android}},
  booktitle = {Proceedings of the 20th International Conference on Engineering of Complex Computer Systems (ICECCS), Gold Coast, Australia},
  pages     = {90--99},
  year      = {2015},
  url       = {https://doi.org/10.1109/ICECCS.2015.20},
  doi       = {10.1109/ICECCS.2015.20},
  timestamp = {Fri, 26 May 2017 00:49:48 +0200},
  biburl    = {https://dblp.org/rec/bib/conf/iceccs/YeBWD15},
  bibsource = {dblp computer science bibliography, https://dblp.org}
}

@inproceedings{ArmandoCCCT08,
  author    = {Alessandro Armando and
               Roberto Carbone and
               Luca Compagna and
               Jorge Cu{\'{e}}llar and
               M. Llanos Tobarra},
  title     = {Formal analysis of {SAML} 2.0 web browser single sign-on: breaking
               the {SAML}-based single sign-on for {Google} apps},
  booktitle = {Proceedings of the 6th {ACM} Workshop on Formal Methods in Security
               Engineering (FMSE), Alexandria, VA, USA},
  pages     = {1--10},
  year      = {2008},
  url       = {https://doi.org/10.1145/1456396.1456397},
  doi       = {10.1145/1456396.1456397},
  timestamp = {Tue, 06 Nov 2018 11:07:30 +0100},
  biburl    = {https://dblp.org/rec/bib/conf/ccs/ArmandoCCCT08},
  bibsource = {dblp computer science bibliography, https://dblp.org}
}

@Misc{FirefoxAccount,
howpublished = {\url{https://mozilla.github.io/application-services/docs/accounts/welcome.html}},
note = {Accessed August 20, 2019},
title = {About Firefox Accounts}
}

@article{ElmuftiWRR08,
  author    = {Kalid Elmufti and
               Dasun Weerasinghe and
               Muttukrishnan Rajarajan and
               Veselin Rakocevic},
  title     = {Anonymous authentication for mobile Single Sign-On to protect user
               privacy},
  journal   = {International Journal of Mobile Communications (IJMC)},
  volume    = {6},
  number    = {6},
  pages     = {760--769},
  year      = {2008},
  url       = {https://doi.org/10.1504/IJMC.2008.019824},
  doi       = {10.1504/IJMC.2008.019824},
  timestamp = {Sat, 20 May 2017 00:25:06 +0200},
  biburl    = {https://dblp.org/rec/bib/journals/ijmc/ElmuftiWRR08},
  bibsource = {dblp computer science bibliography, https://dblp.org}
}

@inproceedings{WangWS13,
  author    = {Jingquan Wang and
               Guilin Wang and
               Willy Susilo},
  title     = {Anonymous Single Sign-On Schemes Transformed from Group Signatures},
  booktitle = {Proceedings of the 5th International Conference on Intelligent Networking and Collaborative
               Systems, Xi'an, China},
  pages     = {560--567},
  year      = {2013},
  url       = {https://doi.org/10.1109/INCoS.2013.104},
  doi       = {10.1109/INCoS.2013.104},
  timestamp = {Thu, 25 May 2017 00:43:31 +0200},
  biburl    = {https://dblp.org/rec/bib/conf/incos/WangWS13},
  bibsource = {dblp computer science bibliography, https://dblp.org}
}

@article{Lee18,
  author    = {Tian{-}Fu Lee},
  title     = {Provably Secure Anonymous Single-Sign-On Authentication Mechanisms
               Using Extended Chebyshev Chaotic Maps for Distributed Computer Networks},
  journal   = {{IEEE} Systems Journal},
  volume    = {12},
  number    = {2},
  pages     = {1499--1505},
  year      = {2018},
  url       = {https://doi.org/10.1109/JSYST.2015.2471095},
  doi       = {10.1109/JSYST.2015.2471095},
  timestamp = {Mon, 07 May 2018 15:32:07 +0200},
  biburl    = {https://dblp.org/rec/bib/journals/sj/Lee18},
  bibsource = {dblp computer science bibliography, https://dblp.org}
}


@Misc{Shibboleth,
howpublished = {\url{https://www.shibboleth.net}},
note = {Accessed July 30, 2019},
title = {The Shibboleth project},
}

@article{rfc6962,
  author    = {Ben Laurie and
               Adam Langley and
               Emilia K{\"{a}}sper},
  title     = {Certificate Transparency},
  journal   = {{RFC}},
  volume    = {6962},
  pages     = {1--27},
  year      = {2013},
  url       = {https://doi.org/10.17487/RFC6962},
  doi       = {10.17487/RFC6962},
  timestamp = {Tue, 14 May 2019 10:01:51 +0200}
}

@inproceedings{ExplicatingSDK,
  author    = {Rui Wang and
               Yuchen Zhou and
               Shuo Chen and
               Shaz Qadeer and
               David Evans and
               Yuri Gurevich},
  title     = {Explicating {SDK}s: Uncovering Assumptions Underlying Secure Authentication
               and Authorization},
  booktitle = {Proceedings of the 22th {USENIX} Security Symposium, Washington, DC, USA},
  pages     = {399--314},
  year      = {2013},
  url       = {https://www.usenix.org/conference/usenixsecurity13/technical-sessions/presentation/wang\_rui},
  timestamp = {Wed, 04 Jul 2018 13:06:34 +0200},
  biburl    = {https://dblp.org/rec/bib/conf/uss/0010ZCQEG13},
  bibsource = {dblp computer science bibliography, https://dblp.org}
}

@inproceedings{WangZWYH16,
  author    = {Ding Wang and
               Zijian Zhang and
               Ping Wang and
               Jeff Yan and
               Xinyi Huang},
  title     = {Targeted Online Password Guessing: An Underestimated Threat},
  booktitle = {Proceedings of the 23rd {ACM} {SIGSAC} Conference on Computer and
               Communications Security (CCS), Vienna, Austria},
  pages     = {1242--1254},
  year      = {2016},
  url       = {https://doi.org/10.1145/2976749.2978339},
  doi       = {10.1145/2976749.2978339},
  timestamp = {Tue, 06 Nov 2018 11:07:29 +0100},
  biburl    = {https://dblp.org/rec/conf/ccs/WangZWYH16.bib},
  bibsource = {dblp computer science bibliography, https://dblp.org}
}

@article{ClarkHM01,
  author    = {David Clark and
               Sebastian Hunt and
               Pasquale Malacaria},
  title     = {Quantitative Analysis of the Leakage of Confidential Data},
  journal   = {Electronic Notes in Theoretical Computer Science},
  volume    = {59},
  number    = {3},
  pages     = {238--251},
  year      = {2001},
  url       = {https://doi.org/10.1016/S1571-0661(04)00290-7},
  doi       = {10.1016/S1571-0661(04)00290-7},
  timestamp = {Sun, 28 May 2017 13:20:09 +0200},
  biburl    = {https://dblp.org/rec/journals/tcs/ClarkHM01.bib},
  bibsource = {dblp computer science bibliography, https://dblp.org}
}

@article{SunCL12,
  author    = {Hung{-}Min Sun and
               Yao{-}Hsin Chen and
               Yue{-}Hsun Lin},
  title     = {{oPass}: {A} User Authentication Protocol Resistant to Password Stealing
               and Password Reuse Attacks},
  journal   = {{IEEE} Transactions on Information Forensics and Security (TIFS)},
  volume    = {7},
  number    = {2},
  pages     = {651--663},
  year      = {2012},
  url       = {https://doi.org/10.1109/TIFS.2011.2169958},
  doi       = {10.1109/TIFS.2011.2169958},
  timestamp = {Sun, 28 May 2017 13:17:24 +0200},
  biburl    = {https://dblp.org/rec/journals/tifs/SunCL12.bib},
  bibsource = {dblp computer science bibliography, https://dblp.org}
}


@article{gallagher2013digital,
  title={Digital signature standard (DSS)},
  author={Gallagher, Patrick},
  journal={Federal Information Processing Standards Publications, volume FIPS},
  pages={186--4},
  year={2013}
}


@article{zeller2008cross,
  title={Cross-site request forgeries: Exploitation and prevention},
  author={Zeller, William and Felten, Edward W},
  journal={The New York Times},
  pages={1--13},
  year={2008}
}

@Misc{wachter2017counterfactual,
howpublished = {\url{https://gdpr-info.eu/}},
note = {Accessed February 20, 2020},
title = {General Data Protection Regulation},
}

@inproceedings{DBLPconfacsacLuoHDWY11,
  author    = {Tongbo Luo and
               Hao Hao and
               Wenliang Du and
               Yifei Wang and
               Heng Yin},
  title     = {Attacks on {WebView} in the {Android} system},
  booktitle = {Proceedings of the 27th Annual Computer Security Applications Conference {(ACSAC)}, Orlando, FL, USA},
  pages     = {343--352},
  year      = {2011},
  url       = {https://doi.org/10.1145/2076732.2076781},
  doi       = {10.1145/2076732.2076781},
  timestamp = {Tue, 06 Nov 2018 16:59:24 +0100},
  biburl    = {https://dblp.org/rec/conf/acsac/LuoHDWY11.bib},
  bibsource = {dblp computer science bibliography, https://dblp.org}
}

@Misc{chromeExtension,
howpublished = {\url{https://developer.chrome.com/extensions/declare_permissions}},
title = {{Declare Permissions}},
author = {Google}
}

@inproceedings{de2010practical,
  author    = {Emiliano De Cristofaro and
               Gene Tsudik},
  title     = {Practical Private Set Intersection Protocols with Linear Complexity},
  booktitle = {Proceedings of the 14th International Conference on Financial Cryptography and Data Security (FC), Canary Islands, Spain},
  pages     = {143--159},
  year      = {2010},
  url       = {https://doi.org/10.1007/978-3-642-14577-3\_13},
  doi       = {10.1007/978-3-642-14577-3\_13},
  timestamp = {Tue, 14 May 2019 10:00:38 +0200},
  biburl    = {https://dblp.org/rec/conf/fc/CristofaroT10.bib},
  bibsource = {dblp computer science bibliography, https://dblp.org}
}

@inproceedings{agrawal2003information,
  author    = {Rakesh Agrawal and
               Alexandre V. Evfimievski and
               Ramakrishnan Srikant},
  title     = {Information Sharing Across Private Databases},
  booktitle = {Proceedings of the 30th {ACM} International Conference on
               Management of Data (SIGMOD), San Diego, California, USA},
  pages     = {86--97},
  year      = {2003},
  url       = {https://doi.org/10.1145/872757.872771},
  doi       = {10.1145/872757.872771},
  timestamp = {Tue, 06 Nov 2018 11:07:39 +0100},
  biburl    = {https://dblp.org/rec/conf/sigmod/AgrawalES03.bib},
  bibsource = {dblp computer science bibliography, https://dblp.org}
}

@inproceedings{psiCCS2019,
  author    = {Phi Hung Le and
               Samuel Ranellucci and
               S. Dov Gordon},
  title     = {Two-party Private Set Intersection with an Untrusted Third Party},
  booktitle = {Proceedings of the 26th {ACM} {SIGSAC} Conference on Computer and
               Communications Security {(CCS)}, London, UK},
  pages     = {2403--2420},
  year      = {2019},
  url       = {https://doi.org/10.1145/3319535.3345661},
  doi       = {10.1145/3319535.3345661},
  timestamp = {Fri, 08 Nov 2019 12:58:49 +0100},
  biburl    = {https://dblp.org/rec/conf/ccs/LeRG19.bib},
  bibsource = {dblp computer science bibliography, https://dblp.org}
}

@inproceedings{psicrypto19-1,
  author    = {Satrajit Ghosh and
               Mark Simkin},
  title     = {The Communication Complexity of Threshold Private Set Intersection},
  booktitle = {Proceedings of the 39th Annual International Cryptology Conference (CRYPTO), Santa Barbara, CA, USA},
  pages     = {3--29},
  year      = {2019},
  url       = {https://doi.org/10.1007/978-3-030-26951-7\_1},
  doi       = {10.1007/978-3-030-26951-7\_1},
  timestamp = {Mon, 26 Aug 2019 16:56:00 +0200},
  biburl    = {https://dblp.org/rec/conf/crypto/GhoshS19.bib},
  bibsource = {dblp computer science bibliography, https://dblp.org}
}

@inproceedings{psicrypto19-2,
  author    = {Benny Pinkas and
               Mike Rosulek and
               Ni Trieu and
               Avishay Yanai},
  title     = {SpOT-Light: Lightweight Private Set Intersection from Sparse {OT} Extension},
  booktitle = {Proceedings of the 39th Annual International Cryptology Conference (CRYPTO), Santa Barbara, CA, USA},
  pages     = {401--431},
  year      = {2019},
  url       = {https://doi.org/10.1007/978-3-030-26954-8\_13},
  doi       = {10.1007/978-3-030-26954-8\_13},
  timestamp = {Fri, 09 Aug 2019 14:36:06 +0200},
  biburl    = {https://dblp.org/rec/conf/crypto/PinkasRTY19.bib},
  bibsource = {dblp computer science bibliography, https://dblp.org}
}

@inproceedings{psieurocrypt19,
  author    = {Satrajit Ghosh and
               Tobias Nilges},
  title     = {An Algebraic Approach to Maliciously Secure Private Set Intersection},
  booktitle = {Proceedings of the 38th International Conference on the Theory and Applications of Cryptographic Techniques (EUROCRYPT), Darmstadt, Germany},
  pages     = {154--185},
  year      = {2019},
  url       = {https://doi.org/10.1007/978-3-030-17659-4\_6},
  doi       = {10.1007/978-3-030-17659-4\_6},
  timestamp = {Tue, 14 May 2019 14:02:25 +0200},
  biburl    = {https://dblp.org/rec/conf/eurocrypt/GhoshN19.bib},
  bibsource = {dblp computer science bibliography, https://dblp.org}
}

@inproceedings{psiccs17-1,
  author    = {Hao Chen and
               Kim Laine and
               Peter Rindal},
  title     = {Fast Private Set Intersection from Homomorphic Encryption},
  booktitle = {Proceedings of the 24th {ACM} {SIGSAC} Conference on Computer and
               Communications Security (CCS), Dallas, TX, USA},
  pages     = {1243--1255},
  year      = {2017},
  url       = {https://doi.org/10.1145/3133956.3134061},
  doi       = {10.1145/3133956.3134061},
  timestamp = {Thu, 28 Mar 2019 13:16:58 +0100},
  biburl    = {https://dblp.org/rec/conf/ccs/ChenLR17.bib},
  bibsource = {dblp computer science bibliography, https://dblp.org}
}
@inproceedings{psiccs17-2,
  author    = {Vladimir Kolesnikov and
               Naor Matania and
               Benny Pinkas and
               Mike Rosulek and
               Ni Trieu},
  title     = {Practical Multi-party Private Set Intersection from Symmetric-Key
               Techniques},
  booktitle = {Proceedings of the 24th {ACM} {SIGSAC} Conference on Computer and
               Communications Security (CCS), Dallas, TX, USA},
  pages     = {1257--1272},
  year      = {2017},
  url       = {https://doi.org/10.1145/3133956.3134065},
  doi       = {10.1145/3133956.3134065},
  timestamp = {Tue, 06 Nov 2018 11:07:31 +0100},
  biburl    = {https://dblp.org/rec/conf/ccs/KolesnikovMPRT17.bib},
  bibsource = {dblp computer science bibliography, https://dblp.org}
}
@inproceedings{ccs17-3,
  author    = {Peter Rindal and
               Mike Rosulek},
  title     = {Malicious-Secure Private Set Intersection via Dual Execution},
  booktitle = {Proceedings of the 24th {ACM} {SIGSAC} Conference on Computer and
               Communications Security (CCS) Dallas, TX, USA},
  pages     = {1229--1242},
  year      = {2017},
  url       = {https://doi.org/10.1145/3133956.3134044},
  doi       = {10.1145/3133956.3134044},
  timestamp = {Tue, 06 Nov 2018 11:07:29 +0100},
  biburl    = {https://dblp.org/rec/conf/ccs/RindalR17.bib},
  bibsource = {dblp computer science bibliography, https://dblp.org}
}
@inproceedings{psieurocrypt17,
  author    = {Peter Rindal and
               Mike Rosulek},
  title     = {Improved Private Set Intersection Against Malicious Adversaries},
  booktitle = {Proceedings of the 36th Annual International
               Conference on the Theory and Applications of Cryptographic Techniques (EUROCRYPT),
               Paris, France},
  pages     = {235--259},
  year      = {2017},
  url       = {https://doi.org/10.1007/978-3-319-56620-7\_9},
  doi       = {10.1007/978-3-319-56620-7\_9},
  timestamp = {Tue, 14 May 2019 10:00:53 +0200},
  biburl    = {https://dblp.org/rec/conf/eurocrypt/RindalR17.bib},
  bibsource = {dblp computer science bibliography, https://dblp.org}
}
@inproceedings{psiccs16,
  author    = {Vladimir Kolesnikov and
               Ranjit Kumaresan and
               Mike Rosulek and
               Ni Trieu},
  title     = {Efficient Batched Oblivious {PRF} with Applications to Private Set
               Intersection},
  booktitle = {Proceedings of the 23rd {ACM} {SIGSAC} Conference on Computer and
               Communications Security (CCS), Vienna, Austria},
  pages     = {818--829},
  year      = {2016},
  url       = {https://doi.org/10.1145/2976749.2978381},
  doi       = {10.1145/2976749.2978381},
  timestamp = {Tue, 06 Nov 2018 11:07:31 +0100},
  biburl    = {https://dblp.org/rec/conf/ccs/KolesnikovKRT16.bib},
  bibsource = {dblp computer science bibliography, https://dblp.org}
}
@inproceedings{psiUSENIX15,
  author    = {Benny Pinkas and
               Thomas Schneider and
               Gil Segev and
               Michael Zohner},
  title     = {Phasing: Private Set Intersection Using Permutation-based Hashing},
  booktitle = {Proceedings of the 24th {USENIX} Security Symposium, {USENIX} Security, Washington,
               D.C., USA},
  pages     = {515--530},
  year      = {2015},
  url       = {https://www.usenix.org/conference/usenixsecurity15/technical-sessions/presentation/pinkas},
  timestamp = {Sun, 16 Jun 2019 18:48:42 +0200},
  biburl    = {https://dblp.org/rec/conf/uss/Pinkas0SZ15.bib},
  bibsource = {dblp computer science bibliography, https://dblp.org}
}
@inproceedings{psiUSENIX14,
  author    = {Benny Pinkas and
               Thomas Schneider and
               Michael Zohner},
  title     = {Faster Private Set Intersection Based on {OT} Extension},
  booktitle = {Proceedings of the 23rd {USENIX} Security Symposium, San Diego, CA,
               USA},
  pages     = {797--812},
  year      = {2014},
  url       = {https://www.usenix.org/conference/usenixsecurity14/technical-sessions/presentation/pinkas},
  timestamp = {Fri, 19 Aug 2016 15:38:03 +0200},
  biburl    = {https://dblp.org/rec/conf/uss/Pinkas0Z14.bib},
  bibsource = {dblp computer science bibliography, https://dblp.org}
}
@inproceedings{psiccs13,
  author    = {Changyu Dong and
               Liqun Chen and
               Zikai Wen},
  title     = {When private set intersection meets big data: an efficient and scalable
               protocol},
  booktitle = {Proceedings of the 20th {ACM} {SIGSAC} Conference on Computer and Communications Security (CCS),
                Berlin, Germany},
  pages     = {789--800},
  year      = {2013},
  url       = {https://doi.org/10.1145/2508859.2516701},
  doi       = {10.1145/2508859.2516701},
  timestamp = {Mon, 26 Nov 2018 17:05:49 +0100},
  biburl    = {https://dblp.org/rec/conf/ccs/DongCW13.bib},
  bibsource = {dblp computer science bibliography, https://dblp.org}
}
@inproceedings{psindss12,
  author    = {Yan Huang and
               David Evans and
               Jonathan Katz},
  title     = {Private Set Intersection: Are Garbled Circuits Better than Custom
               Protocols?},
  booktitle = {Proceedings of the 19th Annual Network and Distributed System Security Symposium (NDSS), San Diego, California, USA},
  year      = {2012},
  url       = {https://www.ndss-symposium.org/ndss2012/private-set-intersection-are-garbled-circuits-better-custom-protocols},
  timestamp = {Tue, 13 Mar 2018 15:08:56 +0100},
  biburl    = {https://dblp.org/rec/conf/ndss/HuangEK12.bib},
  bibsource = {dblp computer science bibliography, https://dblp.org}
}
@inproceedings{psiasiacrypt10,
  author    = {Emiliano De Cristofaro and
               Jihye Kim and
               Gene Tsudik},
  title     = {Linear-Complexity Private Set Intersection Protocols Secure in Malicious
               Model},
  booktitle = {Proceedings of the 16th International Conference
               on the Theory and Application of Cryptology and Information Security (ASIACRYPT),
               Singapore},
  pages     = {213--231},
  year      = {2010},
  url       = {https://doi.org/10.1007/978-3-642-17373-8\_13},
  doi       = {10.1007/978-3-642-17373-8\_13},
  timestamp = {Tue, 14 May 2019 10:00:40 +0200},
  biburl    = {https://dblp.org/rec/conf/asiacrypt/CristofaroKT10.bib},
  bibsource = {dblp computer science bibliography, https://dblp.org}
}

@inproceedings{MohsenS16,
  author    = {Fadi Mohsen and
               Mohamed Shehab},
  title     = {Hardening the {OAuth-WebView} Implementations in {Android} Applications
               by Re-Factoring the {Chromium} Library},
  booktitle = {Proceedings of the 2nd {IEEE} International Conference on Collaboration and Internet
               Computing (CIC), Pittsburgh, PA, USA},
  pages     = {196--205},
  year      = {2016},
  url       = {https://doi.org/10.1109/CIC.2016.036},
  doi       = {10.1109/CIC.2016.036},
  timestamp = {Sun, 21 May 2017 00:18:09 +0200},
  biburl    = {https://dblp.org/rec/bib/conf/coinco/MohsenS16},
  bibsource = {dblp computer science bibliography, https://dblp.org}
}

@article{DiscoveringJCS,
  author    = {Chetan Bansal and
               Karthikeyan Bhargavan and
               Antoine Delignat{-}Lavaud and
               Sergio Maffeis},
  title     = {Discovering concrete attacks on website authorization by formal analysis},
  journal   = {Journal of Computer Security},
  volume    = {22},
  number    = {4},
  pages     = {601--657},
  year      = {2014},
  url       = {https://doi.org/10.3233/JCS-140503},
  doi       = {10.3233/JCS-140503},
  timestamp = {Fri, 26 May 2017 22:53:13 +0200},
  biburl    = {https://dblp.org/rec/journals/jcs/BansalBDM14.bib},
  bibsource = {dblp computer science bibliography, https://dblp.org}
}

@inproceedings{TowardsShehabM14,
  author    = {Mohamed Shehab and
               Fadi Mohsen},
  title     = {Towards Enhancing the Security of {OAuth} Implementations in Smart Phones},
  booktitle = {Proceedings of the 3rd {IEEE} International Conference on Mobile Services, Anchorage,
               AK, USA},
  pages     = {39--46},
  year      = {2014},
  url       = {https://doi.org/10.1109/MobServ.2014.15},
  doi       = {10.1109/MobServ.2014.15},
  timestamp = {Wed, 16 Oct 2019 14:14:55 +0200},
  biburl    = {https://dblp.org/rec/conf/mobserv/ShehabM14.bib},
  bibsource = {dblp computer science bibliography, https://dblp.org}
}


@inproceedings{ccsSunB12,
  author    = {San{-}Tsai Sun and
               Konstantin Beznosov},
  title     = {The devil is in the (implementation) details: an empirical analysis
               of {OAuth} {SSO} systems},
  booktitle = {Proceedings of the 19th {ACM} {SIGSAC} Conference on Computer and Communications Security (CCS),
               Raleigh, NC, USA},
  pages     = {378--390},
  year      = {2012},
  url       = {https://doi.org/10.1145/2382196.2382238},
  doi       = {10.1145/2382196.2382238},
  timestamp = {Tue, 06 Nov 2018 11:07:31 +0100},
  biburl    = {https://dblp.org/rec/conf/ccs/SunB12.bib},
  bibsource = {dblp computer science bibliography, https://dblp.org}
}

@inproceedings{dimvaLiM16,
  author    = {Wanpeng Li and
               Chris J. Mitchell},
  title     = {Analysing the Security of {Google's} Implementation of {OpenID} {Connect}},
  booktitle = {Proceedings of the 13th International Conference on Detection of Intrusions and Malware {\&} Vulnerability Assessment (DIMVA), San Sebasti{\'{a}}n,
               Spain},
  pages     = {357--376},
  year      = {2016},
  url       = {https://doi.org/10.1007/978-3-319-40667-1\_18},
  doi       = {10.1007/978-3-319-40667-1\_18},
  timestamp = {Tue, 14 May 2019 10:00:47 +0200},
  biburl    = {https://dblp.org/rec/conf/dimva/LiM16.bib},
  bibsource = {dblp computer science bibliography, https://dblp.org}
}


@inproceedings{GoldwasserK16,
  author    = {Shafi Goldwasser and
               Yael Tauman Kalai},
  editor    = {Eyal Kushilevitz and
               Tal Malkin},
  title     = {Cryptographic Assumptions: {A} Position Paper},
  booktitle = {Theory of Cryptography - 13th International Conference, {TCC} 2016-A,
               Tel Aviv, Israel, January 10-13, 2016, Proceedings, Part {I}},
  series    = {Lecture Notes in Computer Science},
  volume    = {9562},
  pages     = {505--522},
  publisher = {Springer},
  year      = {2016},
  url       = {https://doi.org/10.1007/978-3-662-49096-9\_21},
  doi       = {10.1007/978-3-662-49096-9\_21},
  timestamp = {Tue, 14 May 2019 10:00:47 +0200},
  biburl    = {https://dblp.org/rec/conf/tcc/GoldwasserK16.bib},
  bibsource = {dblp computer science bibliography, https://dblp.org}
}

@Misc{MS,
howpublished = {\url{https://docs.microsoft.com/en-us/windows-server/identity/ad-fs/technical-reference/the-role-of-claims}},
title = {The Role of Claims},
note = {Accessed August 20, 2020}
}

@Misc{Oracle,
howpublished = {\url{https://docs.oracle.com/cd/E40329_01/admin.1112/e27239/oif_1.htm}},
title = {Introducing Identity Federation in Oracle Access Management},
note = {Accessed August 20, 2020}
}

@Misc{Nordic,
howpublished = {\url{https://nordicapis.com/build-gdpr-compliant-apis-with-openid-connect/}},
title = {Build GDPR Compliant APIs with OpenID Connect},
note = {Accessed August 20, 2020}
}

@Misc{Curity,
howpublished = {\url{https://curity.io/resources/architect/openid-connect/ppid-intro/}},
title = {Pairwise Pseudonymous Identifiers},
note = {Accessed August 20, 2020}
}

@article{ZhangKSZR21,
  author    = {Zhiyi Zhang and
               Michal Kr{\'{o}}l and
               Alberto Sonnino and
               Lixia Zhang and
               Etienne Rivi{\`{e}}re},
  title     = {{EL} {PASSO:} Efficient and Lightweight Privacy-preserving Single
               Sign On},
  journal   = {Proc. Priv. Enhancing Technol.},
  volume    = {2021},
  number    = {2},
  pages     = {70--87},
  year      = {2021},
  timestamp = {Thu, 22 Apr 2021 15:54:03 +0200}
}

@inproceedings{IsaakidisHD16,
  author    = {Marios Isaakidis and
               Harry Halpin and
               George Danezis},
  editor    = {Edgar R. Weippl and
               Stefan Katzenbeisser and
               Sabrina De Capitani di Vimercati},
  title     = {UnlimitID: Privacy-Preserving Federated Identity Management using
               Algebraic MACs},
  booktitle = {Proceedings of the 2016 {ACM} on Workshop on Privacy in the Electronic
               Society, WPES@CCS 2016, Vienna, Austria, October 24 - 28, 2016},
  pages     = {139--142},
  publisher = {{ACM}},
  year      = {2016},
  timestamp = {Tue, 06 Nov 2018 16:59:07 +0100}
}

@misc{fidouaf,
  author = {Salah Machani and Rob Philpott and Sampath Srinivas and John Kemp and Jeff Hodges},
  title = {{FIDO} {UAF} Architectural Overview},
  howpublished = {\url{https://fidoalliance.org/specs/fido-uaf-v1.0-ps-20141208/fido-uaf-overview-v1.0-ps-20141208.html}},
  year = 2017,
}

@misc{fidou2f,
  author = {Sampath Srinivas and Dirk Balfanz and Eric Tiffany and Alexei Czeskis},
  title = {Universal 2nd Factor ({U2F}) Overview},
  howpublished = {\url{https://fidoalliance.org/specs/fido-u2f-v1.2-ps-20170411/fido-u2f-overview-v1.2-ps-20170411.pdf}},
  year = 2017,
}

@article{costan2016intel,
  title={Intel SGX Explained.},
  author={Costan, Victor and Devadas, Srinivas},
  journal={IACR Cryptol. ePrint Arch.},
  volume={2016},
  number={86},
  pages={1--118},
  year={2016}
}

@Misc{jwt,
howpublished = {\url{https://github.com/auth0/java-jwt}},
title = {auth0/java-jwt},
note = {Accessed May 20, 2021}
}

@Misc{NativeMessaging,
howpublished = {\url{https://developer.mozilla.org/en-US/docs/Mozilla/Add-ons/WebExtensions/Native_messaging}},
title = {Native messaging},
note = {Accessed May 20, 2021}
}


@inproceedings{CondeMW18,
  author    = {Rafael C. R. Conde and
               Carlos Alberto Maziero and
               Newton Carlos Will},
  title     = {Using Intel {SGX} to Protect Authentication Credentials in an Untrusted
               Operating System},
  booktitle = {2018 {IEEE} Symposium on Computers and Communications, {ISCC} 2018,
               Natal, Brazil, June 25-28, 2018},
  pages     = {158--163},
  publisher = {{IEEE}},
  year      = {2018},
  url       = {https://doi.org/10.1109/ISCC.2018.8538470},
  doi       = {10.1109/ISCC.2018.8538470},
  timestamp = {Tue, 18 May 2021 17:42:35 +0200},
  biburl    = {https://dblp.org/rec/conf/iscc/CondeMW18.bib},
  bibsource = {dblp computer science bibliography, https://dblp.org}
}

@inproceedings{SongWLOWL20,
  author    = {Tianlin Song and
               Wei Wang and
               Fan Lang and
               Wenyi Ouyang and
               Qiongxiao Wang and
               Jingqiang Lin},
  editor    = {Yongdong Wu and
               Moti Yung},
  title     = {{P2A:} Privacy Preserving Anonymous Authentication Based on Blockchain
               and {SGX}},
  booktitle = {Information Security and Cryptology - 16th International Conference,
               Inscrypt 2020, Guangzhou, China, December 11-14, 2020, Revised Selected
               Papers},
  series    = {Lecture Notes in Computer Science},
  volume    = {12612},
  pages     = {257--276},
  publisher = {Springer},
  year      = {2020},
  url       = {https://doi.org/10.1007/978-3-030-71852-7\_17},
  doi       = {10.1007/978-3-030-71852-7\_17},
  timestamp = {Thu, 25 Mar 2021 16:47:27 +0100},
  biburl    = {https://dblp.org/rec/conf/cisc/SongWLOWL20.bib},
  bibsource = {dblp computer science bibliography, https://dblp.org}
}

@inproceedings{JavaidAS20,
  author    = {Uzair Javaid and
               Muhammad Naveed Aman and
               Biplab Sikdar},
  editor    = {Tommaso Melodia and
               Eylem Ekici and
               Alhussein Abouzeid and
               Minghua Chen},
  title     = {Defining trust in IoT environments via distributed remote attestation
               using blockchain},
  booktitle = {Mobihoc '20: The Twenty-first {ACM} International Symposium on Theory,
               Algorithmic Foundations, and Protocol Design for Mobile Networks and
               Mobile Computing, Virtual Event, USA, October 11-14, 2020},
  pages     = {321--326},
  publisher = {{ACM}},
  year      = {2020},
  url       = {https://doi.org/10.1145/3397166.3412801},
  doi       = {10.1145/3397166.3412801},
  timestamp = {Fri, 16 Oct 2020 15:29:51 +0200},
  biburl    = {https://dblp.org/rec/conf/mobihoc/JavaidAS20.bib},
  bibsource = {dblp computer science bibliography, https://dblp.org}
}

@article{AhnLK20,
  author    = {Jaehwan Ahn and
               Il{-}Gu Lee and
               Myungchul Kim},
  title     = {Design and Implementation of Hardware-Based Remote Attestation for
               a Secure Internet of Things},
  journal   = {Wirel. Pers. Commun.},
  volume    = {114},
  number    = {1},
  pages     = {295--327},
  year      = {2020},
  url       = {https://doi.org/10.1007/s11277-020-07364-5},
  doi       = {10.1007/s11277-020-07364-5},
  timestamp = {Thu, 20 Aug 2020 22:57:33 +0200},
  bibsource = {dblp computer science bibliography, https://dblp.org}
}

@article{LebedevHD18,
  author    = {Ilia A. Lebedev and
               Kyle Hogan and
               Srinivas Devadas},
  title     = {Secure Boot and Remote Attestation in the Sanctum Processor},
  journal   = {{IACR} Cryptol. ePrint Arch.},
  volume    = {2018},
  pages     = {427},
  year      = {2018},
  url       = {https://eprint.iacr.org/2018/427},
  timestamp = {Mon, 11 May 2020 15:58:42 +0200},
  bibsource = {dblp computer science bibliography, https://dblp.org}
}